@inproceedings{sarwar2001item,
  title={Item-based collaborative filtering recommendation algorithms},
  author={Sarwar, Badrul and Karypis, George and Konstan, Joseph and Riedl, John},
  booktitle={Proceedings of the 10th international conference on World Wide Web},
  pages={285--295},
  year={2001}
}


@inproceedings{hidasi2012fast,
  title={Fast ALS-based tensor factorization for context-aware recommendation from implicit feedback},
  author={Hidasi, Bal{\'a}zs and Tikk, Domonkos},
  booktitle={Joint European Conference on Machine Learning and Knowledge Discovery in Databases},
  pages={67--82},
  year={2012},
  organization={Springer}
}


@article{burges2010ranknet,
  title={From ranknet to lambdarank to lambdamart: An overview},
  author={Burges, Christopher JC},
  journal={Learning},
  volume={11},
  number={23-581},
  pages={81},
  year={2010},
  publisher={Citeseer}
}

@inproceedings{chatzis2017recurrent,
  title={Recurrent latent variable networks for session-based recommendation},
  author={Chatzis, Sotirios P and Christodoulou, Panayiotis and Andreou, Andreas S},
  booktitle={Proceedings of the 2nd Workshop on Deep Learning for Recommender Systems},
  pages={38--45},
  year={2017}
}

@article{cho2014bv,
  title={BV {\"e}nboer, D. Bahdanau, and Y. Bengio,“On the properties of neural machine translation: Encoder-decoder approaches,”},
  author={Cho, K},
  journal={arXiv preprint arXiv:1409.1259},
  year={2014}
}

@article{hidasi2016a,
  title={Session-based recommendations with recurrent neural networks},
  author={Hidasi, Bal{\'a}zs and Karatzoglou, Alexandros and Baltrunas, Linas and Tikk, Domonkos},
  journal={arXiv preprint arXiv:1511.06939},
  year={2015}
}

@article{hochreiter1997long,
  title={Long short-term memory},
  author={Hochreiter, Sepp and Schmidhuber, J{\"u}rgen},
  journal={Neural computation},
  volume={9},
  number={8},
  pages={1735--1780},
  year={1997},
  publisher={MIT Press}
}



@article{devooght2016collaborative,
  title={Collaborative filtering with recurrent neural networks},
  author={Devooght, Robin and Bersini, Hugues},
  journal={arXiv preprint arXiv:1608.07400},
  year={2016}
}


@inproceedings{tan2016improved,
  title={Improved recurrent neural networks for session-based recommendations},
  author={Tan, Yong Kiam and Xu, Xinxing and Liu, Yong},
  booktitle={Proceedings of the 1st workshop on deep learning for recommender systems},
  pages={17--22},
  year={2016}
}

@inproceedings{hidasi2016parallel,
  title={Parallel recurrent neural network architectures for feature-rich session-based recommendations},
  author={Hidasi, Bal{\'a}zs and Quadrana, Massimo and Karatzoglou, Alexandros and Tikk, Domonkos},
  booktitle={Proceedings of the 10th ACM conference on recommender systems},
  pages={241--248},
  year={2016}
}

@inproceedings{hidasi2016parallel,
  title={Parallel recurrent neural network architectures for feature-rich session-based recommendations},
  author={Hidasi, Bal{\'a}zs and Quadrana, Massimo and Karatzoglou, Alexandros and Tikk, Domonkos},
  booktitle={Proceedings of the 10th ACM conference on recommender systems},
  pages={241--248},
  year={2016}
}

@inproceedings{wu2017recurrent,
  title={Recurrent recommender networks},
  author={Wu, Chao-Yuan and Ahmed, Amr and Beutel, Alex and Smola, Alexander J and Jing, How},
  booktitle={Proceedings of the tenth ACM international conference on web search and data mining},
  pages={495--503},
  year={2017}
}

@article{devooght2016collaborative,
  title={Collaborative filtering with recurrent neural networks},
  author={Devooght, Robin and Bersini, Hugues},
  journal={arXiv preprint arXiv:1608.07400},
  year={2016}
}

@inproceedings{weimer2007cofirank,
  title={Cofirank-maximum margin matrix factorization for collaborative ranking},
  author={Weimer, Markus and Karatzoglou, Alexandros and Le, Quoc and Smola, Alex},
  booktitle={Advances in Neural Information Processing Systems, 21st Annual Conference on Neural Information Processing Systems 2007},
  pages={222--230},
  year={2007}
}

@inproceedings{hidasi2012fast,
  title={Fast ALS-based tensor factorization for context-aware recommendation from implicit feedback},
  author={Hidasi, Bal{\'a}zs and Tikk, Domonkos},
  booktitle={Joint European Conference on Machine Learning and Knowledge Discovery in Databases},
  pages={67--82},
  year={2012},
  organization={Springer}
}

@article{hidasi2015session,
  title={Session-based recommendations with recurrent neural networks},
  author={Hidasi, Bal{\'a}zs and Karatzoglou, Alexandros and Baltrunas, Linas and Tikk, Domonkos},
  journal={arXiv preprint arXiv:1511.06939},
  year={2015}
}

@inproceedings{liu2012enlister,
  title={Enlister: baidu's recommender system for the biggest chinese Q\&A website},
  author={Liu, Qiwen and Chen, Tianjian and Cai, Jing and Yu, Dianhai},
  booktitle={Proceedings of the sixth ACM conference on Recommender systems},
  pages={285--288},
  year={2012}
}

@inproceedings{shi2012climf,
  title={Climf: learning to maximize reciprocal rank with collaborative less-is-more filtering},
  author={Shi, Yue and Karatzoglou, Alexandros and Baltrunas, Linas and Larson, Martha and Oliver, Nuria and Hanjalic, Alan},
  booktitle={Proceedings of the sixth ACM conference on Recommender systems},
  pages={139--146},
  year={2012}
}

@article{rendle2012bpr,
  title={BPR: Bayesian personalized ranking from implicit feedback},
  author={Rendle, Steffen and Freudenthaler, Christoph and Gantner, Zeno and Schmidt-Thieme, Lars},
  journal={arXiv preprint arXiv:1205.2618},
  year={2012}
}

@article{rendle2012bpr,
  title={BPR: Bayesian personalized ranking from implicit feedback},
  author={Rendle, Steffen and Freudenthaler, Christoph and Gantner, Zeno and Schmidt-Thieme, Lars},
  journal={arXiv preprint arXiv:1205.2618},
  year={2012}
}

@article{ji2015blackout,
  title={Blackout: Speeding up recurrent neural network language models with very large vocabularies},
  author={Ji, Shihao and Vishwanathan, SVN and Satish, Nadathur and Anderson, Michael J and Dubey, Pradeep},
  journal={arXiv preprint arXiv:1511.06909},
  year={2015}
}

@article{rendle2012bpr,
  title={BPR: Bayesian personalized ranking from implicit feedback},
  author={Rendle, Steffen and Freudenthaler, Christoph and Gantner, Zeno and Schmidt-Thieme, Lars},
  journal={arXiv preprint arXiv:1205.2618},
  year={2012}
}

@inproceedings{bellogin2011precision,
  title={Precision-oriented evaluation of recommender systems: an algorithmic comparison},
  author={Bellogin, Alejandro and Castells, Pablo and Cantador, Ivan},
  booktitle={Proceedings of the fifth ACM conference on Recommender systems},
  pages={333--336},
  year={2011}
}

@inproceedings{liu2012enlister,
  title={Enlister: baidu's recommender system for the biggest chinese Q\&A website},
  author={Liu, Qiwen and Chen, Tianjian and Cai, Jing and Yu, Dianhai},
  booktitle={Proceedings of the sixth ACM conference on Recommender systems},
  pages={285--288},
  year={2012}
}

@article{al2016theano,
  title={Theano: A Python framework for fast computation of mathematical expressions},
  author={Al-Rfou, Rami and Alain, Guillaume and Almahairi, Amjad and Angermueller, Christof and Bahdanau, Dzmitry and Ballas, Nicolas and Bastien, Fr{\'e}d{\'e}ric and Bayer, Justin and Belikov, Anatoly and Belopolsky, Alexander and others},
  journal={arXiv e-prints},
  pages={arXiv--1605},
  year={2016}
}

@inproceedings{tan2016improved,
  title={Improved recurrent neural networks for session-based recommendations},
  author={Tan, Yong Kiam and Xu, Xinxing and Liu, Yong},
  booktitle={Proceedings of the 1st workshop on deep learning for recommender systems},
  pages={17--22},
  year={2016}
}

@inproceedings{chatzis2017recurrent,
  title={Recurrent latent variable networks for session-based recommendation},
  author={Chatzis, Sotirios P and Christodoulou, Panayiotis and Andreou, Andreas S},
  booktitle={Proceedings of the 2nd Workshop on Deep Learning for Recommender Systems},
  pages={38--45},
  year={2017}
}