@article{Knuth92,
        author = "D.E. Knuth",
        title = "Two notes on notation",
        journal = "Amer. Math. Monthly",
        volume = "99",
        year = "1992",
        pages = "403--422",
}

@book{ConcreteMath,
        author = "R.L. Graham and D.E. Knuth and O. Patashnik",
        title = "Concrete mathematics",
        publisher = "Addison-Wesley",
        address = "Reading, MA",
        year = "1989"
}
